@Manual{ bick,
	title = "Tutorial on Computer-aided Diagnosis",
	author = "U Bick and K Doi",
	howpublished = "CARS",
	year = "2006",
	location = "Osaka, Japan"
}

@Article{ doi,
	author = "K Doi",
	title = "Current status and future potential of computer-aided diagnosis in medical imaging",
	journal = "Br J Radiol",
	volume = "78",
	pages = "3--19",
	doi = "10.1259/bjr/82933343",
	year = "2005"
}

@Article{ uchiyama,
	author = "Yoshikazu Uchiyama and Shigehiko Katsuragawa and Hiroyuki Abe and Junji Shiraishi and Feng Li and Qiang Li and Chao-Tong Zhang and Kenji Suzuki and Kunio Doi",
	collaboration = "",
	title = "Quantitative computerized analysis of diffuse lung disease in high-resolution computed tomography",
	publisher = "AAPM",
	year = "2003",
	journal = "Medical Physics",
	volume = "30",
	number = "9",
	pages = "2440--2454",
	keywords = "lung, diseases, computerised tomography, image resolution, image classification, feature extraction, medical image processing, neural nets, image segmentation, mathematical morphology",
	url = "http://link.aip.org/link/?MPH/30/2440/1",
	doi = "10.1118/1.1597431"
}

@Book{ acharya,
	author = "Tinku Acharya and Ajoy K. Ray",
	title = "Image Processing - Principles and Applications",
	year = "2005",
	isbn = "0471719986",
	publisher = "Wiley-Interscience"
}

@Article{ yoo,
	author = "T. S. Yoo and M. J. Ackerman and W. E. Lorensen",
	journal = "Proc. of Medicine Meets Virtual Reality",
	keywords = "itk",
	pages = "586--592",
	priority = "2",
	title = "Engineering and algorithm design for an image processing API: A technical report on itk-the insight toolkit",
	year = "2002"
}

@Book{ gonzalez,
	author = "Rafael C. Gonzalez and Richard E. Woods",
	howpublished = "Hardcover",
	isbn = "0201180758",
	month = "January",
	priority = "2",
	publisher = "Prentice Hall",
	title = "Digital Image Processing (2nd Edition)",
	year = "2002"
}

@TechReport{ oliveira,
	title = "Fundamentos de Radiodiagn{\'o}stico por Imagem",
	author = "Kepler de Souza Oliveira Filho",
	institution = "UFRGS",
	address = "Porto Alegre",
	month = "oct",
	year = "1999",
	url = "http://www.if.ufrgs.br/ast/med/imagens/index.htm"
}

@Misc{ nema,
	title = "NATIONAL ELECTRICAL MANUFACTURERS ASSOCIATION: DICOM Homepage",
	year = "2008",
	url = "http://dicom.nema.org",
	author = "NATIONAL ELECTRICAL MANUFACTURERS ASSOCIATION"
}

@Booklet{ facon,
	title = "Morfologia Matem{\'a}tica",
	author = "Jacques Facon"
}

@Article{ Haralick,
	author = "Robert M. Haralick and K. Shanmugam and Its'hak Dinstein",
	booktitle = "Systems, Man and Cybernetics, IEEE Transactions on",
	doi = "http://dx.doi.org/10.1109/TSMC.1973.4309314",
	journal = "Systems, Man and Cybernetics, IEEE Transactions on",
	keywords = "classification, image, texture",
	number = "6",
	pages = "610--621",
	title = "Textural Features for Image Classification",
	url = "http://dx.doi.org/10.1109/TSMC.1973.4309314",
	volume = "3",
	year = "1973"
}

@Book{ feng-chapter,
	title = "Multimedia Information Retrieval and Management: Technological Fundamentals and Applications",
	series = "Technological Fundamentals and Applications",
	author = "Fuhui Long and Hongjiang Zhang and Wan-Chi Siu and David Dagan Feng",
	publisher = "Springer",
	address = "Berlin",
	year = "2003"
}

@Book{ stroustrup2000,
	author = "Bjarne Stroustrup",
	edition = "Third",
	howpublished = "Hardcover",
	isbn = "0201700735",
	month = "February",
	publisher = "Addison-Wesley Professional",
	title = "The C++ Programming Language",
	year = "2000"
}

@Book{ vtk,
	author = "Will Schroeder and Ken Martin and Bill Lorensen",
	howpublished = "Paperback",
	isbn = "1930934122",
	edition = "Third",
	keywords = "geometric-modeling, object-oriented-programming, polygonization, programming, visualization",
	priority = "0",
	publisher = "Kitware Inc.",
	title = "The Visualization Toolkit"
}

@Electronic{ vtk-page,
	title = "The Visualization Toolkit Home Page",
	publisher = "Kitware Inc",
	url = "http://www.vtk.org"
}

@Electronic{ itk-page,
	title = "National Library of Medicine Insight Segmentation and Registration Toolkit Home Page",
	publisher = "Kitware Inc",
	url = "http://www.itk.org"
}

@Article{ mammography,
	author = "I. El-Naqa and Yongyi Yang and N. P. Galatsanos and R. M. Nishikawa and M. N. Wernick",
	booktitle = "Medical Imaging, IEEE Transactions on",
	doi = "http://dx.doi.org/10.1109/TMI.2004.834601",
	journal = "Medical Imaging, IEEE Transactions on",
	keywords = "journal, s-read, t-retrieval",
	number = "10",
	pages = "1233--1244",
	priority = "0",
	title = "A similarity learning approach to content-based image retrieval: application to digital mammography",
	url = "http://dx.doi.org/10.1109/TMI.2004.834601",
	volume = "23",
	year = "2004"
}

@Article{ cbir-nn-general,
	author = "Joo-Hwee Lim and Jian Kang Wu and Sumeet Singh and Desai Narasimhalu",
	title = "Learning Similarity Matching in Multimedia Content-Based Retrieval",
	journal = "IEEE Trans. on Knowl. and Data Eng.",
	volume = "13",
	number = "5",
	year = "2001",
	issn = "1041-4347",
	pages = "846--850",
	doi = "http://dx.doi.org/10.1109/69.956107",
	publisher = "IEEE Educational Activities Department",
	address = "Piscataway, NJ, USA"
}

@Book{ russel:modern,
	author = "Stuart J. Russell and Peter Norvig",
	isbn = "0137903952",
	keywords = "ai, books",
	priority = "2",
	publisher = "Pearson Education",
	title = "Artificial Intelligence: A Modern Approach",
	url = "http://portal.acm.org/citation.cfm?id=773294",
	year = "2003"
}

@Book{ sandhya,
	author = "Sandhya Samarasinghe",
	title = "Neural Networks for Applied Sciences and Engineering",
	year = "2006",
	isbn = "084933375X",
	publisher = "Auerbach Publications",
	address = "Boston, MA, USA",
	month = "September",
	howpublished = "Hardcover"
}

