@Manual{ bick,
	title = "Tutorial on Computer-aided Diagnosis",
	author = "U Bick and K Doi",
	howpublished = "CARS",
	year = "2006",
	location = "Osaka, Japan"
}

@Article{ doi,
	author = "K Doi",
	title = "Current status and future potential of computer-aided diagnosis in medical imaging",
	journal = "Br J Radiol",
	volume = "78",
	pages = "3--19",
	year = "2005"
}

@Article{ uchiyama,
	author = "Yoshikazu Uchiyama and Shigehiko Katsuragawa and Hiroyuki Abe and Junji Shiraishi and Feng Li and Qiang Li and Chao-Tong Zhang and Kenji Suzuki and Kunio Doi",
	title = "Quantitative computerized analysis of diffuse lung disease in high-resolution computed tomography",
	publisher = "AAPM",
	year = "2003",
	journal = "Medical Physics",
	volume = "30",
	number = "9",
	pages = "2440--2454"
}

@Book{ acharya,
	author = "Tinku Acharya and Ajoy K. Ray",
	title = "Image Processing - Principles and Applications",
	year = "2005",
	publisher = "Wiley-Interscience"
}

@Article{ yoo,
	author = "T. S. Yoo and M. J. Ackerman and W. E. Lorensen",
	journal = "Proc. of Medicine Meets Virtual Reality",
	pages = "586--592",
	title = "Engineering and algorithm design for an image processing API: A technical report on itk-the insight toolkit",
	year = "2002"
}

@Book{ gonzalez,
	author = "Rafael C. Gonzalez and Richard E. Woods",
	month = "January",
	publisher = "Prentice Hall",
	title = "Digital Image Processing",
	year = "2002",
	edition = "Second"
}

@TechReport{ oliveira,
	title = "Fundamentos de Radiodiagn{\'o}stico por Imagem",
	author = "Kepler Oliveira",
	institution = "UFRGS",
	address = "Porto Alegre",
	month = "oct",
	year = "1999",
	url = "http://www.if.ufrgs.br/ast/med/imagens/index.htm"
}

@Misc{ nema,
	title = "NATIONAL ELECTRICAL MANUFACTURERS ASSOCIATION: DICOM Homepage",
	author = "NEMA",
	year = "2008",
	url = "http://dicom.nema.org",
	author = "NATIONAL ELECTRICAL MANUFACTURERS ASSOCIATION"
}

@Booklet{ facon,
	title = "Morfologia Matem{\'a}tica",
	author = "Jacques Facon",
	year = "2000"
}

@Article{ Haralick,
	author = "Robert M. Haralick and K. Shanmugam and Its'hak Dinstein",
	journal = "Systems, Man and Cybernetics, IEEE Transactions on",
	number = "6",
	pages = "610--621",
	title = "Textural Features for Image Classification",
	volume = "3",
	year = "1973"
}

@Book{ feng-chapter,
	title = "Multimedia Information Retrieval and Management: Technological Fundamentals and Applications",
	series = "Technological Fundamentals and Applications",
	author = "Fuhui Long and Hongjiang Zhang and Wan-Chi Siu and David Dagan Feng",
	publisher = "Springer",
	address = "Berlin",
	year = "2003"
}

@Book{ stroustrup2000,
	author = "Bjarne Stroustrup",
	edition = "Third",
	month = "February",
	publisher = "Addison-Wesley Professional",
	title = "The C++ Programming Language",
	year = "2000"
}

@Book{ vtk,
	author = "Will Schroeder and Ken Martin and Bill Lorensen",
	edition = "Third",
	publisher = "Kitware Inc.",
	title = "The Visualization Toolkit"
}

@Electronic{ vtk-page,
	title = "The Visualization Toolkit Home Page",
	publisher = "Kitware Inc",
	url = "http://www.vtk.org"
}

@Electronic{ itk-page,
	title = "National Library of Medicine Insight Segmentation and Registration Toolkit Home Page",
	publisher = "Kitware Inc",
	url = "http://www.itk.org"
}

@Article{ mammography,
	author = "I. El-Naqa and Yongyi Yang and N. P. Galatsanos and R. M. Nishikawa and M. N. Wernick",
	journal = "Medical Imaging, IEEE Transactions on",
	number = "10",
	pages = "1233--1244",
	title = "A similarity learning approach to content-based image retrieval: application to digital mammography",
	volume = "23",
	year = "2004"
}

@Article{ cbir-nn-general,
	author = "Joo-Hwee Lim and Jian Kang Wu and Sumeet Singh and Desai Narasimhalu",
	title = "Learning Similarity Matching in Multimedia Content-Based Retrieval",
	journal = "IEEE Trans. on Knowl. and Data Eng.",
	volume = "13",
	number = "5",
	year = "2001",
	pages = "846--850",
	publisher = "IEEE Educational Activities Department",
	address = "Piscataway, NJ, USA"
}

@Book{ russel:modern,
	author = "Stuart J. Russell and Peter Norvig",
	publisher = "Pearson Education",
	title = "Artificial Intelligence: A Modern Approach",
	url = "http://portal.acm.org/citation.cfm?id=773294",
	year = "2003"
}

@Book{ sandhya,
	author = "Sandhya Samarasinghe",
	title = "Neural Networks for Applied Sciences and Engineering",
	year = "2006",
	publisher = "Auerbach Publications",
	address = "Boston, MA, USA",
	month = "September"
}

@url{ sprawls,
	title = "Computed Tomography Image Formation",
	url = "http://www.sprawls.org/resources/CTIMG/classroom.htm",
	author = "Perry Sprawls",
	Lastchecked = "24/11/2008"
}

@Booklet{ tomo,
	title = "F{\'i}sica b{\'a}sica da tomografia computadorizada",
	author = "Claudia da Costa Leite and Edson Amaro J{\'u}nior and Maria Garcia Otaduy",
	year = "2004"
}

